<?xml version="1.0" encoding="UTF-8"?><collection xmlns="http://www.loc.gov/MARC21/slim"><record><leader>00512nam--2200145-i-4500</leader><controlfield tag="001">000001477</controlfield><controlfield tag="002">20161230</controlfield><controlfield tag="005">20161230201024</controlfield><controlfield tag="008">060222s1000------------r-----000-0-eng-d</controlfield><datafield ind1=" " ind2=" " tag="080"><subfield code="a">541.64:543.544</subfield></datafield><datafield ind1=" " ind2=" " tag="100"><subfield code="a">Glockner, Gottfried</subfield></datafield><datafield ind1=" " ind2=" " tag="245"><subfield code="a">Polymercharakterisirung durch flussigkeitschromatographie.nachdruck der  1 auflage. mit 160 abbildungen und 27 tabellen</subfield></datafield><datafield ind1=" " ind2=" " tag="260"><subfield code="a">Berlin, Veb Deutscher Verlag Der Wissenschaften 1981. 427 P</subfield></datafield><datafield ind1=" " ind2=" " tag="490"><subfield code="a">Physikalisch-chemische Trenn-und Messmethoden</subfield></datafield><datafield ind1=" " ind2=" " tag="852"><subfield code="a">18785</subfield></datafield></record></collection>